<record><leader>00000cas a22000007a 4500</leader><controlfield tag="001">14995149</controlfield><controlfield tag="008">861219d19uu1923txudr ne      0    0eng d</controlfield><datafield ind1=" " ind2=" " tag="010"><subfield code="a">sn 86090544 </subfield></datafield><datafield ind1=" " ind2=" " tag="040"><subfield code="a">PPM</subfield><subfield code="b">eng</subfield><subfield code="c">PPM</subfield><subfield code="d">OCLCQ</subfield></datafield><datafield ind1=" " ind2=" " tag="042"><subfield code="a">msc</subfield></datafield><datafield ind1="0" ind2=" " tag="130"><subfield code="a">Mexia evening news (Mexia, Tex.)</subfield></datafield><datafield ind1="1" ind2="0" tag="245"><subfield code="a">Mexia evening news.</subfield></datafield><datafield ind1=" " ind2=" " tag="260"><subfield code="a">Mexia, Tex. :</subfield><subfield code="b">News Pub. Co.</subfield></datafield><datafield ind1=" " ind2=" " tag="300"><subfield code="a">v. :</subfield><subfield code="b">ill.</subfield></datafield><datafield ind1=" " ind2=" " tag="310"><subfield code="a">Daily</subfield></datafield><datafield ind1="0" ind2=" " tag="362"><subfield code="a">-v. 25, no. 31 (Feb. 2, 1923).</subfield></datafield><datafield ind1=" " ind2=" " tag="588"><subfield code="a">Description based on: Vol. 14, no. (Jan. 2, 1912).</subfield></datafield><datafield ind1=" " ind2=" " tag="752"><subfield code="a">United States</subfield><subfield code="b">Texas</subfield><subfield code="c">Limestone</subfield><subfield code="d">Mexia.</subfield></datafield><datafield ind1="0" ind2="0" tag="780"><subfield code="t">Evening news ledger</subfield></datafield><datafield ind1="0" ind2="0" tag="785"><subfield code="t">Mexia daily news</subfield></datafield><datafield ind1="1" ind2=" " tag="029"><subfield code="a">AU@</subfield><subfield code="b">000025789087</subfield></datafield></record>